@book{skiena,
  title = "The Algorithm Design Manual",
  author = "Steven S. Skiena",
  publisher = "Springer",
  year = "2008",
  edition = "2",
}

@book{rosen,
  title = "Discrete Mathematics and its Applications",
  author = "Kenneth H. Rosen",
  publisher = "McGraw Hill",
  year = "2012",
  edition = "7",
}


